@INPROCEEDINGS{Boland10HGR,
AUTHOR = "David Boland and George A. Constantinides",
TITLE = "Automated Precision Analysis: A Polynomial Algebraic Approach",
BOOKTITLE = "FCCM'10",
PAGES = {157-164},
YEAR = {2010}, 
}
@book{bertot2004interactive,
  title={Interactive Theorem Proving and Program Development: Coq'Art: The Calculus of Inductive Constructions},
  author={Bertot, Y. and Cast{\'e}ran, P.},
  isbn={9783540208549},
  lccn={2004103364},
  series={Texts in Theoretical Computer Science. An EATCS Series},
  year={2004},
  publisher={Springer}
}
@incollection{smtcoq,
year={2011},
isbn={978-3-642-25378-2},
booktitle={Certified Programs and Proofs},
volume={7086},
series={Lecture Notes in Computer Science},
editor={Jouannaud, Jean-Pierre and Shao, Zhong},
doi={10.1007/978-3-642-25379-9_12},
title={{A Modular Integration of SAT/SMT Solvers to Coq through Proof Witnesses}},
url={http://dx.doi.org/10.1007/978-3-642-25379-9_12},
publisher={Springer Berlin Heidelberg},
author={Armand, Michael and Faure, Germain and Grégoire, Benjamin and Keller, Chantal and Théry, Laurent and Werner, Benjamin},
pages={135-150},
language={English}
}
@incollection{fluctuat,
year={2009},
isbn={978-3-642-04569-1},
booktitle={Formal Methods for Industrial Critical Systems},
volume={5825},
series={Lecture Notes in Computer Science},
editor={Alpuente, María and Cook, Byron and Joubert, Christophe},
doi={10.1007/978-3-642-04570-7_6},
title={Towards an Industrial Use of FLUCTUAT on Safety-Critical Avionics Software},
url={http://dx.doi.org/10.1007/978-3-642-04570-7_6},
publisher={Springer Berlin Heidelberg},
author={Delmas, David and Goubault, Eric and Putot, Sylvie and Souyris, Jean and Tekkal, Karim and Védrine, Franck},
pages={53-69},
language={English}
}
@inproceedings{hgbk2012fmcad,
  AUTHOR    = { Haller, Leopold
                and Griggio, Alberto
                and Brain, Martin
                and Kroening, Daniel },
  TITLE     = { Deciding Floating-Point Logic with Systematic Abstraction },
  BOOKTITLE = { Formal Methods in Computer-Aided Design (FMCAD) },
  YEAR      = { 2012 },
  PAGES     = { 131--140 },
  ISBN      = { 978-1-4673-4832-4 },
}
@inproceedings{Borges12Test,
 author = {Borges, Mateus and d'Amorim, Marcelo and Anand, Saswat and Bushnell, David and Pasareanu, Corina S.},
 title = {Symbolic Execution with Interval Solving and Meta-heuristic Search},
 booktitle = {Proceedings of the 2012 IEEE Fifth International Conference on Software Testing, Verification and Validation},
 series = {ICST '12},
 year = {2012},
 isbn = {978-0-7695-4670-4},
 pages = {111--120},
 numpages = {10},
 url = {http://dx.doi.org/10.1109/ICST.2012.91},
 doi = {10.1109/ICST.2012.91},
 acmid = {2224897},
 publisher = {IEEE Computer Society},
 address = {Washington, DC, USA},
 keywords = {testing, symbolic execution, constraint solving},
}
@inproceedings{Chiang14s3fp,
 author = {Chiang, Wei-Fan and Gopalakrishnan, Ganesh and Rakamaric, Zvonimir and Solovyev, Alexey},
 title = {Efficient Search for Inputs Causing High Floating-point Errors},
 booktitle = {Proceedings of the 19th ACM SIGPLAN Symposium on Principles and Practice of Parallel Programming},
 series = {PPoPP '14},
 year = {2014},
 isbn = {978-1-4503-2656-8},
 location = {Orlando, Florida, USA},
 pages = {43--52},
 numpages = {10},
 url = {http://doi.acm.org/10.1145/2555243.2555265},
 doi = {10.1145/2555243.2555265},
 acmid = {2555265},
 publisher = {ACM},
 address = {New York, NY, USA},
 keywords = {floating-point error estimation methods, guided search, sequential and parallel programming},
} 
@INPROCEEDINGS{Boutin97usingreflection,
    author = {Samuel Boutin},
    title = {{Using Reflection to Build Efficient and Certified Decision Procedures}},
    booktitle = {TACS'97. Springer-Verlag LNCS 1281},
    year = {1997},
    pages = {515--529},
    publisher = {Springer-Verlag}
}
@misc{CoqProofAssistant,
	title = {{The Coq Proof Assistant}},
	key = {Coq},
    note = {\url{http://coq.inria.fr/}}
}
@electronic{OCaml,
    keywords = {example-gpl},
    posted-at = {2007-10-03 12:43:12},
    priority = {1},
    title = {{Objective Caml (OCaml) programming language website.}},
    note = {\url{http://caml.inria.fr/}}
}
@article{MelquiondCoqArith,
title = {{Floating-point arithmetic in the Coq system}},
journal = "Information and Computation ",
volume = "216",
number = "0",
pages = "14 - 23",
year = "2012",
note = "Special Issue: 8th Conference on Real Numbers and Computers",
issn = "0890-5401",
doi = "http://dx.doi.org/10.1016/j.ic.2011.09.005",
url = "http://www.sciencedirect.com/science/article/pii/S0890540112000739",
author = "Guillaume Melquiond",
keywords = "Floating-point arithmetic",
keywords = "Formal proofs",
keywords = "Coq system "
}
@inproceedings{Gao15FPGA,
 author = {Gao, Xitong and Constantinides, George A.},
 title = {{Numerical Program Optimization for High-Level Synthesis}},
 booktitle = {Proceedings of the 2015 ACM/SIGDA International Symposium on Field-Programmable Gate Arrays},
 series = {FPGA '15},
 year = {2015},
 isbn = {978-1-4503-3315-3},
 location = {Monterey, California, USA},
 pages = {210--213},
 numpages = {4},
 url = {http://doi.acm.org/10.1145/2684746.2689090},
 doi = {10.1145/2684746.2689090},
 acmid = {2689090},
 publisher = {ACM},
 address = {New York, NY, USA},
 keywords = {high-level synthesis, numerical accuracy, round-off error}
} 
@incollection{icms14,
year={2014},
isbn={978-3-662-44198-5},
booktitle={Mathematical Software – ICMS 2014},
volume={8592},
series={Lecture Notes in Computer Science},
editor={Hong, Hoon and Yap, Chee},
title={{NLCertify: A Tool for Formal Nonlinear Optimization}},
url={http://dx.doi.org/10.1007/978-3-662-44199-2_49},
http={http://arxiv.org/abs/1405.5668},
nlcertify={http://nl-certify.forge.ocamlcore.org},
publisher={Springer Berlin Heidelberg},
author={Magron, Victor},
pages={315-320},
language={English}
}
@TechReport{Boogie2,
author       = {K. Rustan M. Leino},
month        = {June},
title        = {{This is Boogie 2}},
url          = {http://research.microsoft.com/apps/pubs/default.aspx?id=147643},
year         = {2008}
}
@inproceedings{fptaylor15,
  author = {Alexey Solovyev and Charles Jacobsen and Zvonimir Rakamari\'c
    and Ganesh Gopalakrishnan},
  title = {{Rigorous Estimation of Floating-Point Round-off Errors with
    Symbolic Taylor Expansions}},
  booktitle = {Proceedings of the 20th International Symposium on Formal Methods (FM)},
  year = {2015},
  note = {to appear},
}
@inproceedings{Darulova14Popl,
 author = {Darulova, Eva and Kuncak, Viktor},
 title = {{Sound Compilation of Reals}},
 booktitle = {Proceedings of the 41st ACM SIGPLAN-SIGACT Symposium on Principles of Programming Languages},
 series = {POPL '14},
 year = {2014},
 isbn = {978-1-4503-2544-8},
 location = {San Diego, California, USA},
 pages = {235--248},
 numpages = {14},
 url = {http://doi.acm.org/10.1145/2535838.2535874},
 doi = {10.1145/2535838.2535874},
 acmid = {2535874},
 publisher = {ACM},
 address = {New York, NY, USA},
 keywords = {compilation, embedded systems, fixed-point arithmetic, floating-point arithmetic, numerical approximation, roundoff error, scientific computing, sensitivity analysis, verification},
} 
@article{Lasserre01moments,
  author    = {Jean B. Lasserre},
  title     = {Global Optimization with Polynomials and the Problem of
               Moments},
  journal   = {SIAM Journal on Optimization},
  volume    = {11},
  number    = {3},
  year      = {2001},
  pages     = {796-817},
  ee        = {http://dx.doi.org/10.1137/S1052623400366802},
  bibsource = {DBLP, http://dblp.uni-trier.de}
}
@incollection{Tse12Quadrature,
year={2012},
isbn={978-3-642-28364-2},
booktitle={Reconfigurable Computing: Architectures, Tools and Applications},
volume={7199},
series={Lecture Notes in Computer Science},
editor={Choy, OliverC.S. and Cheung, RayC.C. and Athanas, Peter and Sano, Kentaro},
doi={10.1007/978-3-642-28365-9_21},
title={Optimising Performance of Quadrature Methods with Reduced Precision},
url={http://dx.doi.org/10.1007/978-3-642-28365-9_21},
publisher={Springer Berlin Heidelberg},
author={Tse, AnsonH.T. and Chow, GaryC.T. and Jin, Qiwei and Thomas, DavidB. and Luk, Wayne},
pages={251-263},
language={English}
}
@article{Lasserre2010JMA,
  author    = {Jean B. Lasserre},
  title     = {A ``Joint+Marginal'' Approach to Parametric Polynomial Optimization},
  journal   = {SIAM Journal on Optimization},
  volume    = {20},
  number    = {4},
  year      = {2010},
  pages     = {1995-2022},
  ee        = {http://dx.doi.org/10.1137/090759240},
  bibsource = {DBLP, http://dblp.uni-trier.de}
}
@article{Riener2013SymmetricSDP,
author = {Riener, Cordian and Theobald, Thorsten and Andrén, Lina Jansson and Lasserre, Jean B.},
title = {{Exploiting Symmetries in SDP-Relaxations for Polynomial Optimization}},
journal = {Mathematics of Operations Research},
volume = {38},
number = {1},
pages = {122-141},
year = {2013},
doi = {10.1287/moor.1120.0558},
URL = {http://dx.doi.org/10.1287/moor.1120.0558},
eprint = {http://dx.doi.org/10.1287/moor.1120.0558}
}
@book{Lasserre2009Moments,
  title={{Moments, Positive Polynomials and Their Applications}},
  author={Lasserre, J.B.},
  isbn={9781848164468},
  series={Imperial College Press optimization series},
  url={http://books.google.nl/books?id=VY6imTsdIrEC},
  year={2009},
  publisher={Imperial College Press}
}
@ARTICLE{Vandenberghe94SDP,
    author = {Lieven Vandenberghe and Stephen Boyd},
    title = {{Semidefinite Programming}},
    journal = {SIAM Review},
    year = {1994},
    volume = {38},
    pages = {49--95}
}
@INPROCEEDINGS {YALMIP,
    AUTHOR = { J. Löfberg },
    TITLE = {YALMIP : A Toolbox for Modeling and Optimization in {MATLAB}},
    BOOKTITLE = { Proceedings of the CACSD Conference },
    YEAR = { 2004 },
    URL = { http://users.isy.liu.se/johanl/yalmip },
    ADDRESS = { Taipei, Taiwan },
}
@ARTICLE{Waki06SparseSOS,
    author = {Hayato Waki and Sunyoung Kim and Masakazu Kojima and Masakazu Muramatsu},
    title = {{Sums of Squares and Semidefinite Programming Relaxations for Polynomial Optimization Problems with Structured Sparsity}},
    journal = {SIAM Journal on Optimization},
    year = {2006},
    volume = {17},
    number={1},
    pages = {218--242}
}
@ARTICLE{Las06SparseSOS,
    author = {Jean B. Lasserre},
    title = {{Convergent SDP-Relaxations in Polynomial Optimization with Sparsity}},
    journal = {SIAM Journal on Optimization},
    year = {2006},
    volume = {17},
    number={3},
    pages = {822--843}
}
@book{Tarski51,
  title={A Decision Method for Elementary Algebra and Geometry},
  author={Tarski, A.},
  lccn={51008566},
  url={http://books.google.fr/books?id=BUE2XwAACAAJ},
  year={1951},
  publisher={University of California Press}
}
@article{Collins74,
 author = {Collins, George E.},
 title = {Quantifier Elimination for Real Closed Fields by Cylindrical Algebraic Decomposition--preliminary Report},
 journal = {SIGSAM Bull.},
 issue_date = {August 1974},
 volume = {8},
 number = {3},
 month = aug,
 year = {1974},
 issn = {0163-5824},
 pages = {80--90},
 numpages = {11},
 url = {http://doi.acm.org/10.1145/1086837.1086852},
 doi = {10.1145/1086837.1086852},
 acmid = {1086852},
 publisher = {ACM},
 address = {New York, NY, USA}
} 
@book{higham2002accuracy,
  title={Accuracy and Stability of Numerical Algorithms: Second Edition},
  author={Higham, N.J.},
  isbn={9780898715217},
  lccn={2002075848},
  url={http://books.google.fr/books?id=epilvM5MMxwC},
  year={2002},
  publisher={Society for Industrial and Applied Mathematics}
}
@incollection{mosek,
year={2000},
isbn={978-1-4419-4819-9},
booktitle={High Performance Optimization},
volume={33},
series={Applied Optimization},
editor={Frenk, Hans and Roos, Kees and Terlaky, Tamás and Zhang, Shuzhong},
doi={10.1007/978-1-4757-3216-0_8},
title={The Mosek Interior Point Optimizer for Linear Programming: An Implementation of the Homogeneous Algorithm},
url={http://dx.doi.org/10.1007/978-1-4757-3216-0_8},
publisher={Springer US},
author={Andersen, ErlingD. and Andersen, KnudD.},
pages={197-232},
language={English}
}
@misc{moseksoft,
    citeulike-article-id = {5099470},
    citeulike-linkout-0 = {http://www.mosek.com/},
    keywords = {mosek},
    location = {http://www.mosek.com/},
    posted-at = {2009-07-09 22:53:55},
    priority = {2},
    title = {{The MOSEK optimization software}},
    url = {http://www.mosek.com/}
}